@inproceedings{haber1990time,
  title={How to time-stamp a digital document},
  author={Haber, Stuart and Stornetta, W Scott},
  booktitle={Conference on the Theory and Application of Cryptography},
  pages={437--455},
  year={1990},
  organization={Springer}
}

@Article{Einstein,
  author =       "Albert Einstein",
  title =        "{Zur Elektrodynamik bewegter K{\"o}rper}. ({German})
                 [{On} the electrodynamics of moving bodies]",
  journal =      "Annalen der Physik",
  volume =       "322",
  number =       "10",
  pages =        "891--921",
  year =         "1905",
  DOI =          "http://dx.doi.org/10.1002/andp.19053221004"
} 

@article{thomas2015protocol,
  title={A protocol for interledger payments},
  author={Thomas, Stefan and Schwartz, Evan},
  journal={URL https://interledger. org/interledger. pdf},
  year={2015}
}

@inproceedings{schwartz2016payment,
  title={A Payment Protocol of the Web, for the Web: Or, Finally Enabling Web Micropayments with the Interledger Protocol},
  author={Schwartz, Evan},
  booktitle={Proceedings of the 25th International Conference Companion on World Wide Web},
  pages={279--280},
  year={2016},
  organization={International World Wide Web Conferences Steering Committee}
}

@inproceedings{hope2016interledger,
  title={Interledger: Creating a Standard for Payments},
  author={Hope-Bailie, Adrian and Thomas, Stefan},
  booktitle={Proceedings of the 25th International Conference Companion on World Wide Web},
  pages={281--282},
  year={2016},
  organization={International World Wide Web Conferences Steering Committee}
}

@inproceedings{decker2013information,
  title={Information propagation in the bitcoin network},
  author={Decker, Christian and Wattenhofer, Roger},
  booktitle={IEEE P2P 2013 Proceedings},
  pages={1--10},
  year={2013},
  organization={IEEE}
}

@inproceedings{croman2016scaling,
  title={On scaling decentralized blockchains},
  author={Croman, Kyle and Decker, Christian and Eyal, Ittay and Gencer, Adem Efe and Juels, Ari and Kosba, Ahmed and Miller, Andrew and Saxena, Prateek and Shi, Elaine and G{\"u}n, Emin},
  booktitle={Proc. 3rd Workshop on Bitcoin and Blockchain Research},
  year={2016}
}

@article{satoshi2008bitcoin,
  title={Bitcoin: A peer-to-peer electronic cash system},
  author={Satoshi, Nakamoto},
  journal={http://bitcoin.org/bitcoin.pdf},
  year={2008}
}

@inproceedings{kamvar2003eigentrust,
  title={The eigentrust algorithm for reputation management in p2p networks},
  author={Kamvar, Sepandar D and Schlosser, Mario T and Garcia-Molina, Hector},
  booktitle={Proceedings of the 12th international conference on World Wide Web},
  pages={640--651},
  year={2003},
  organization={ACM}
}

@inproceedings{garay2015bitcoin,
  title={The bitcoin backbone protocol: Analysis and applications},
  author={Garay, Juan and Kiayias, Aggelos and Leonardos, Nikos},
  booktitle={Annual International Conference on the Theory and Applications of Cryptographic Techniques},
  pages={281--310},
  year={2015},
  organization={Springer}
}

@article{baldwin_2016, title={Bitcoin Worth \$72 Million Stolen from Bitfinex Exchange in Hong Kong}, url={www.reuters.com/article/us-bitfinex-hacked-hongkong-iduskcn10e0kp}, journal={www.reuters.com/article/us-bitfinex-hacked-hongkong-iduskcn10e0kp}, publisher={Reuters}, author={Baldwin, Clare}, year={Wed Aug 3, 2016}}

@inproceedings{dai,
  title={b-money},
  author={W. Dai},
  organization={http://www.weidai.com/bmoney.txt},
  year={1998}
}

@inproceedings{wire,
  title={The Inside Story of Mt. Gox, Bitcoin's \$460 Million Disaster},
  author={ROBERT McMillan},
  organization={http://www.wired.com/2014/03/bitcoin-exchange},
  year={2014}
}

@ONLINE {nirjargandhi2015,
    author = "Nirjar Gandhi",
    title  = "Industry 4.0 - fourth industrial revolution",
    month  = "jun",
    year   = "2015",
    url    = "http://scn.sap.com/community/manufacturing/blog/2015/06/30/industry-40--fourth-industrial-revolution"
}

@article{szabo1997idea,
  title={The idea of smart contracts},
  author={Szabo, Nick},
  journal={Nick Szabos Papers and Concise Tutorials},
  year={1997}
}

@ONLINE {timswanson2014,
    author = "Tim Swanson",
    title  = "Smart Property, Colored Coins and Mastercoin",
    month  = "jan",
    year   = "2014",
    url    = "http://www.coindesk.com/smart-property-colored-coins-mastercoin/"
}

@article{harthscripting,
  title={Scripting Problem-solving Agents in Decentralised Smart Grids},
  author={Harth, Andreas and Speiser, Sebastian}
}

@ONLINE {whitepaper,
    author = "Satoshi Nakamoto",
    title  = "Bitcoin: A Peer-to-Peer Electronic Cash System",
    year   = "2008",
    url    = "https://bitcoin.org/bitcoin.pdf"
}

@article{sauermann2011cool,
  title={Cool URIs for the semantic web},
  author={Sauermann, Leo and Cyganiak, Richard and V{\"o}lkel, Max},
  year={2011}
}

@ONLINE {timbernerslee1998,
    author = "Tim Berners-Lee",
    title  = "Cool URIs don't change",
    year   = "1998",
    url    = "http://www.w3.org/Provider/Style/URI"
}

@ONLINE {grantbrunner2013,
    author = "Grant Brunner",
    title  = "The Bitcoin network outperforms the top 500 supercomputers combined",
    month  = "may",
    year   = "2013",
    url    = "http://www.extremetech.com/extreme/155636-the-bitcoin-network-outperforms-the-top-500-supercomputers-combined"
}

@misc{wood2014ethereum,
  title={Ethereum: A Secure Decentralised Generalised Transaction Ledger},
  author={Wood, Gavin},
  year={2014},
  publisher={Ethereum}
}

@ONLINE {aaronswartz2011,
    author = "Aaron Swartz",
    title  = "Squaring the Triangle: Secure, Decentralized, Human-Readable Names",
    month  = "jan",
    year   = "2011",
    url    = "http://www.aaronsw.com/weblog/squarezooko"
}

@ONLINE {juttasteinerjessibakergavinwood2013,
    author = "Jutta Steiner, Jessi Baker, and Gavin Wood",
    title  = "Blockchain: the solution for transparency in product supply chains",
    month  = "oct",
    year   = "2013",
    url    = "https://www.provenance.org/whitepaper"
}

@ONLINE {christopherbrewster2014,
    author = "Christopher Brewster",
    title  = "Semantic blockchains in the supply chain",
    month  = "jan",
    year   = "2014",
    url    = "http://www.cbrewster.com/docs/talks/20150617_TNO.pdf"
}

@MISC {melvincarvalho2013,
    author       = "Melvin Carvalho",
    title        = "Ontology for Crypto Currencies",
    howpublished = "https://cc.rww.io/vocab",
    month        = "oct",
    year         = "2013"
}

@inproceedings{VOWL2,
 author = {Steffen Lohmann and Stefan Negru and Florian Haag and Thomas Ertl},
 title = {{VOWL 2}: User-Oriented Visualization of Ontologies},
 booktitle = {19th Int. Conf. on Knowledge Engineering and Knowledge Management (EKAW~'14)},
 series = {LNAI},
 volume = {8876},
 year = {2014},
 pages = {266--281},
 publisher = {Springer}
}

@inproceedings{grangel2015Convention,
  title={Towards Vocabulary Development by Convention},
  author={Grangel-Gonz\'alez Irlan, Halilaj Lavdim, Coskun G\"okhan and Auer S\"oren},
  booktitle={7th Int. Joint Conf. on Knowledge Discovery, Knowledge Engineering and Knowledge Management},
  pages={334--343},
  year={2015}
}

@ONLINE {jonmatonis2012,
    author = "Jon Matonis",
    title  = "Bitcoin Foundation Launches To Drive Bitcoin's Advancement",
    month  = "sep",
    year   = "2012",
    url    = "http://www.forbes.com/sites/jonmatonis/2012/09/27/bitcoin-foundation-launches-to-drive-bitcoins-advancement/"
}

@misc{wilcox2003names,
  title={Names: Decentralized, secure, human-meaningful: Choose two},
  author={Wilcox-O'Hearn, Bryce},
  year={2003},
  publisher={September}
}

@ONLINE {2015,
    title = "Freebase is read-only and will be shut-down.",
    month = "may",
    year  = "2015",
    url   = "https://plus.google.com/109936836907132434202/posts/3aYFVNf92A1"
}

@inproceedings{carlson2010toward,
  title={Toward an Architecture for Never-Ending Language Learning.},
  author={Carlson, Andrew and Betteridge, Justin and Kisiel, Bryan and Settles, Burr and Hruschka Jr, Estevam R and Mitchell, Tom M},
  booktitle={AAAI},
  volume={5},
  pages={3},
  year={2010}
}

@techreport{DeviceDemocracy,
    title={Device democracy - Saving the future of the Internet of Things},
    INSTITUTION ={IBM Institute for Business Value},
    year={2015},
    url={http://public.dhe.ibm.com/common/ssi/ecm/gb/en/gbe03620usen/GBE03620USEN.PDF}
}

@inproceedings{schmidt2011can,
  title={(How) can badges replace degrees?},
  author={Schmidt, Philipp},
  booktitle={OCWC Global 2011: Celebrating 10 years of OpenCourseWare},
  year={2011}
}

@misc{nakamoto2008bitcoin,
  title={Bitcoin: A peer-to-peer electronic cash system},
  author={Nakamoto, Satoshi},
  year={2008}
}

@book{narayanan2016bitcoin,
  title={Bitcoin and cryptocurrency technologies},
  author={Narayanan, Arvind and Bonneau, Joseph and Felten, Edward and Miller, Andrew and Goldfeder, Steven},
  year={2016},
  publisher={Princeton University Pres}
}

@incollection{reid2013analysis,
  title={An analysis of anonymity in the bitcoin system},
  author={Reid, Fergal and Harrigan, Martin},
  booktitle={Security and privacy in social networks},
  pages={197--223},
  year={2013},
  publisher={Springer}
}

@inproceedings{ron2013quantitative,
  title={Quantitative analysis of the full bitcoin transaction graph},
  author={Ron, Dorit and Shamir, Adi},
  booktitle={International Conference on Financial Cryptography and Data Security},
  pages={6--24},
  year={2013},
  organization={Springer}
}

@article{donier2015markets,
  title={Why do markets crash? bitcoin data offers unprecedented insights},
  author={Donier, Jonathan and Bouchaud, Jean-Philippe},
  journal={PloS one},
  volume={10},
  number={10},
  pages={e0139356},
  year={2015},
  publisher={Public Library of Science}
}

@article{kristoufek2015main,
  title={What are the main drivers of the Bitcoin price? Evidence from wavelet coherence analysis},
  author={Kristoufek, Ladislav},
  journal={PloS one},
  volume={10},
  number={4},
  pages={e0123923},
  year={2015},
  publisher={Public Library of Science}
}

@article{ober2013structure,
  title={Structure and anonymity of the bitcoin transaction graph},
  author={Ober, Micha and Katzenbeisser, Stefan and Hamacher, Kay},
  journal={Future internet},
  volume={5},
  number={2},
  pages={237--250},
  year={2013},
  publisher={Multidisciplinary Digital Publishing Institute}
}

@article{garcia2014digital,
  title={The digital traces of bubbles: feedback cycles between socio-economic signals in the Bitcoin economy},
  author={Garcia, David and Tessone, Claudio J and Mavrodiev, Pavlin and Perony, Nicolas},
  journal={Journal of the Royal Society Interface},
  volume={11},
  number={99},
  pages={20140623},
  year={2014},
  publisher={The Royal Society}
}

@article{billy,
  title={Rethinking Bitcoin's \$10 Billion Market Cap},
  author={Frederick Reese},
  journal={CoinDesk},
  year={July 3, 2016}
}

@article{sloppiness,
  title={Sloppiness and Emergent Theories in Physics, Biology, and Beyond},
  author={Transtrum, Mark K and Machta, Benjamin and Brown, Kevin and Daniels, Bryan C and Myers, Christopher R and Sethna, James P},
  journal={arXiv preprint arXiv:1501.07668},
  year={2015}
}


@inproceedings{moser2014towards,
  title={Towards risk scoring of bitcoin transactions},
  author={M{\"o}ser, Malte and B{\"o}hme, Rainer and Breuker, Dominic},
  booktitle={International Conference on Financial Cryptography and Data Security},
  pages={16--32},
  year={2014},
  organization={Springer}
}

@article{autocorrelation,
  title={Quantifying social group evolution},
  author={Palla, Gergely and Barab{\'a}si, Albert-L{\'a}szl{\'o} and Vicsek, Tam{\'a}s},
  journal={Nature},
  volume={446},
  number={7136},
  pages={664--667},
  year={2007},
  publisher={Nature Publishing Group}
}

@article{GARCH,
  title={Autoregressive conditional heteroskedasticity and changes in regime},
  author={Hamilton, James D and Susmel, Raul},
  journal={Journal of Econometrics},
  volume={64},
  number={1},
  pages={307--333},
  year={1994},
  publisher={Elsevier}
}

@book{crash,
  title={Why stock markets crash: critical events in complex financial systems},
  author={Sornette, Didier},
  year={2009},
  publisher={Princeton University Press}
}


@book{portfolio,
  title={Portfolio theory and risk management},
  author={Capi{\'n}ski, Maciej J and Kopp, Ekkehard and Ski, Maciej J Capi},
  volume={5},
  year={2014},
  publisher={Cambridge University Press}
}


@book{Information,
  title={Information theory, inference and learning algorithms},
  author={MacKay, David JC},
  year={2003},
  publisher={Cambridge university press}
}


@article{wsj,
  title={5 Things About Mt. Gox's Crisis},
  author={Paul Vigna},
  journal={Wall Street Journal},
  year={February 25, 2014}
}

@book{pareto,
  title={Cours d'{\'e}conomie politique},
  author={Pareto, Vilfredo},
  volume={1},
  year={1964},
  publisher={Librairie Droz}
}


@article{gox,
  title={Bitcoin Price Plunges as Mt. Gox Exchange Halts Activity},
  author={Carter Dougherty},
  journal={Bloomberg},
  year={February 7, 2014}
}

@article{clustering,
  title={Generalizations of the clustering coefficient to weighted complex networks},
  author={Saram{\"a}ki, Jari and Kivel{\"a}, Mikko and Onnela, Jukka-Pekka and Kaski, Kimmo and Kertesz, Janos},
  journal={Physical Review E},
  volume={75},
  number={2},
  pages={027105},
  year={2007},
  publisher={APS}
}


@article{barabasi,
  title={Emergence of scaling in random networks},
  author={Barab{\'a}si, Albert-L{\'a}szl{\'o} and Albert, R{\'e}ka},
  journal={science},
  volume={286},
  number={5439},
  pages={509--512},
  year={1999},
  publisher={American Association for the Advancement of Science}
}


@article{battiston2012debtrank,
  title={Debtrank: Too central to fail? financial networks, the fed and systemic risk},
  author={Battiston, Stefano and Puliga, Michelangelo and Kaushik, Rahul and Tasca, Paolo and Caldarelli, Guido},
  journal={Scientific reports},
  volume={2},
  year={2012},
  publisher={Nature Publishing Group}
}

@ARTICLE{bowman:reasoning,
	AUTHOR = "Mic Bowman and Saumya K. Debray and Larry L. Peterson",
	TITLE = "Reasoning About Naming Systems",
	JOURNAL = "ACM Trans. Program. Lang. Syst.",
	VOLUME = {15},
	NUMBER = {5},
	PAGES = {795-825},
	MONTH = "November",
	YEAR = {1993}	}

@ARTICLE{braams:babel,
	AUTHOR = "Johannes Braams",
	TITLE = "Babel, a Multilingual Style-Option System for Use with LaTeX's Standard Document Styles",
	JOURNAL = {TUGboat},
	VOLUME = {12},
	NUMBER = {2},
	PAGES = {291-301},
	MONTH = "June",
	YEAR = {1991}	}

@INPROCEEDINGS{clark:pct,
	AUTHOR = "Malcolm Clark",
	TITLE = "Post Congress Tristesse",
	BOOKTITLE = "TeX90 Conference Proceedings",
	PAGES = "84-89",
	ORGANIZATION = "TeX Users Group",
	MONTH = "March", 
	YEAR = {1991}	}

@ARTICLE{herlihy:methodology,
	AUTHOR = "Maurice Herlihy",
	TITLE = "A Methodology for Implementing Highly Concurrent
	Data Objects",
	JOURNAL = {ACM Trans. Program. Lang. Syst.},
	VOLUME = {15},
	NUMBER = {5},
	PAGES = {745-770},
	MONTH = "November",
	YEAR = {1993}	}

@BOOK{Lamport:LaTeX,
	AUTHOR = "Leslie Lamport",
	TITLE = "LaTeX User's Guide and Document Reference Manual",
	PUBLISHER = "Addison-Wesley Publishing Company",
	ADDRESS = "Reading, Massachusetts",
	YEAR = "1986"	}

@BOOK{salas:calculus,
	AUTHOR = "S.L. Salas and Einar Hille",
	TITLE = "Calculus: One and Several Variable",
	PUBLISHER = "John Wiley and Sons",
	ADDRESS = "New York",
	YEAR = "1978"	}
	
@article{berners2001semantic,
  title={The semantic web},
  author={Berners-Lee, Tim and Hendler, James and Lassila, Ora and others},
  journal={Scientific american},
  volume={284},
  number={5},
  pages={28--37},
  year={2001},
  publisher={New York, NY, USA:}
}

@ONLINE {nirjargandhi2015,
    author = "Nirjar Gandhi",
    title  = "Industry 4.0 - fourth industrial revolution",
    month  = "jun",
    year   = "2015",
    url    = "http://scn.sap.com/community/manufacturing/blog/2015/06/30/industry-40--fourth-industrial-revolution"
}

@article{szabo1997idea,
  title={The idea of smart contracts},
  author={Szabo, Nick},
  journal={Nick Szabos Papers and Concise Tutorials},
  year={1997}
}

@ONLINE {timswanson2014,
    author = "Tim Swanson",
    title  = "Smart Property, Colored Coins and Mastercoin",
    month  = "jan",
    year   = "2014",
    url    = "http://www.coindesk.com/smart-property-colored-coins-mastercoin/"
}

@article{harthscripting,
  title={Scripting Problem-solving Agents in Decentralised Smart Grids},
  author={Harth, Andreas and Speiser, Sebastian}
}

@ONLINE {whitepaper,
    author = "Satoshi Nakamoto",
    title  = "Bitcoin: A Peer-to-Peer Electronic Cash System",
    year   = "2008",
    url    = "https://bitcoin.org/bitcoin.pdf"
}

@article{auer2010creating,
  title={Creating knowledge out of interlinked data},
  author={Auer, S{\"o}ren and Lehmann, Jens},
  journal={Semantic Web},
  volume={1},
  number={1, 2},
  pages={97--104},
  year={2010},
  publisher={IOS Press}
}

@article{sauermann2011cool,
  title={Cool URIs for the semantic web},
  author={Sauermann, Leo and Cyganiak, Richard and V{\"o}lkel, Max},
  year={2011}
}

@ONLINE {timbernerslee1998,
    author = "Tim Berners-Lee",
    title  = "Cool URIs don't change",
    year   = "1998",
    url    = "http://www.w3.org/Provider/Style/URI"
}

@ONLINE {grantbrunner2013,
    author = "Grant Brunner",
    title  = "The Bitcoin network outperforms the top 500 supercomputers combined",
    month  = "may",
    year   = "2013",
    url    = "http://www.extremetech.com/extreme/155636-the-bitcoin-network-outperforms-the-top-500-supercomputers-combined"
}

@misc{wood2014ethereum,
  title={Ethereum: A Secure Decentralised Generalised Transaction Ledger},
  author={Wood, Gavin},
  year={2014},
  publisher={Ethereum}
}

@ONLINE {aaronswartz2011,
    author = "Aaron Swartz",
    title  = "Squaring the Triangle: Secure, Decentralized, Human-Readable Names",
    month  = "jan",
    year   = "2011",
    url    = "http://www.aaronsw.com/weblog/squarezooko"
}

@ONLINE {juttasteinerjessibakergavinwood2013,
    author = "Jutta Steiner, Jessi Baker, and Gavin Wood",
    title  = "Blockchain: the solution for transparency in product supply chains",
    month  = "oct",
    year   = "2013",
    url    = "https://www.provenance.org/whitepaper"
}

@ONLINE {christopherbrewster2014,
    author = "Christopher Brewster",
    title  = "Semantic blockchains in the supply chain",
    month  = "jan",
    year   = "2014",
    url    = "http://www.cbrewster.com/docs/talks/20150617_TNO.pdf"
}

@MISC {melvincarvalho2013,
    author       = "Melvin Carvalho",
    title        = "Ontology for Crypto Currencies",
    howpublished = "https://cc.rww.io/vocab",
    month        = "oct",
    year         = "2013"
}

@inproceedings{VOWL2,
 author = {Steffen Lohmann and Stefan Negru and Florian Haag and Thomas Ertl},
 title = {{VOWL 2}: User-Oriented Visualization of Ontologies},
 booktitle = {19th Int. Conf. on Knowledge Engineering and Knowledge Management (EKAW~'14)},
 series = {LNAI},
 volume = {8876},
 year = {2014},
 pages = {266--281},
 publisher = {Springer}
}

@inproceedings{grangel2015Convention,
  title={Towards Vocabulary Development by Convention},
  author={Grangel-Gonz\'alez Irlan, Halilaj Lavdim, Coskun G\"okhan and Auer S\"oren},
  booktitle={7th Int. Joint Conf. on Knowledge Discovery, Knowledge Engineering and Knowledge Management},
  pages={334--343},
  year={2015}
}

@ONLINE {jonmatonis2012,
    author = "Jon Matonis",
    title  = "Bitcoin Foundation Launches To Drive Bitcoin's Advancement",
    month  = "sep",
    year   = "2012",
    url    = "http://www.forbes.com/sites/jonmatonis/2012/09/27/bitcoin-foundation-launches-to-drive-bitcoins-advancement/"
}

@misc{wilcox2003names,
  title={Names: Decentralized, secure, human-meaningful: Choose two},
  author={Wilcox-O'Hearn, Bryce},
  year={2003},
  publisher={September}
}

@ONLINE {2015,
    title = "Freebase is read-only and will be shut-down.",
    month = "May",
    year  = "2015",
    url   = "https://plus.google.com/109936836907132434202/posts/3aYFVNf92A1"
}

@inproceedings{carlson2010toward,
  title={Toward an Architecture for Never-Ending Language Learning.},
  author={Carlson, Andrew and Betteridge, Justin and Kisiel, Bryan and Settles, Burr and Hruschka Jr, Estevam R and Mitchell, Tom M},
  booktitle={AAAI},
  volume={5},
  pages={3},
  year={2010}
}

@techreport{DeviceDemocracy,
    title={Device democracy - Saving the future of the Internet of Things},
    INSTITUTION ={IBM Institute for Business Value},
    year={2015},
    url={http://public.dhe.ibm.com/common/ssi/ecm/gb/en/gbe03620usen/GBE03620USEN.PDF}
}

@inproceedings{schmidt2011can,
  title={(How) can badges replace degrees?},
  author={Schmidt, Philipp},
  booktitle={OCWC Global 2011: Celebrating 10 years of OpenCourseWare},
  year={2011}
}

@article{zyskind2015enigma,
  title={Enigma: Decentralized Computation Platform with Guaranteed Privacy},
  author={Zyskind, Guy and Nathan, Oz and Pentland, Alex},
  journal={arXiv preprint arXiv:1506.03471},
  year={2015}
}

@ONLINE {laurapappano2012,
    title ={The Year of the MOOC},
    author   ={Laura Pappano},
    month = {Nov.},
    year  = {2012},
    url   = {http://www.nytimes.com/2012/11/04/education/edlife/massive-open-online-courses-are-multiplying-at-a-rapid-pace.html},
    publisher = {New York Times}
}

@article{klyne2006resource,
  title={Resource description framework (RDF): Concepts and abstract syntax},
  author={Klyne, Graham and Carroll, Jeremy J},
  year={2006}
}

@ONLINE {sonyglobaleducation2016,
    author = "Sony Global Education",
    title  = "Sony Global Education Develops Technology Using Blockchain for Open Sharing of Academic Proficiency and Progress Records",
    month  = "feb",
    year   = "2016",
    url    = "http://www.sony.net/SonyInfo/News/Press/201602/16-0222E/index.html"
}

@ONLINE {philippschmidt2015,
    author = "Philipp Schmidt",
    title  = "Certificates, Reputation, and the Blockchain",
    month  = "oct",
    year   = "2015",
    url    = "https://medium.com/mit-media-lab/certificates-reputation-and-the-blockchain-aee03622426f#.sfe55kv0j"
}

@ARTICLE {themozillafoundationpeer2peeruniversityincollaborationwiththemacarthurfoundation2011,
    author  = "The Mozilla Foundation and Peer 2 Peer University, in collaboration with The MacArthur Foundation",
    title   = "Open Badges for Lifelong Learning",
    journal = "Working Document",
    year    = "2011",
    month   = "sep"
}





